
%%%%% Chapter 1 %%%%%

@article{1207.7235,
Author = { The CMS Collaboration},
Title = {Observation of a new boson at a mass of 125 GeV with the CMS experiment at the LHC},
Year = {2012},
Eprint = {arXiv:1207.7235},
Howpublished = {Phys. Lett. B 716 (2012) 30},
Doi = {10.1016/j.physletb.2012.08.021},
}

@article{1207.7214,
Author = { The ATLAS Collaboration},
Title = {Observation of a new particle in the search for the Standard Model Higgs boson with the ATLAS detector at the LHC},
Year = {2012},
Eprint = {arXiv:1207.7214},
Howpublished = {Phys.Lett. B716 (2012) 1-29},
Doi = {10.1016/j.physletb.2012.08.020},
}

misc{LHCHXSWGHH,
      author        = "LHC Higgs Cross Section HH Sub-group",
      title         = "{LHC Higgs Cross Section HH Sub-group twiki page}",
      howpublished  = "\url{https://twiki.cern.ch/twiki/bin/view/LHCPhysics/LHCHXSWGHH}"
}

@article{1606.02266,
Author = { ATLAS and CMS Collaborations},
Title = {Measurements of the Higgs boson production and decay rates and constraints on its couplings from a combined ATLAS and CMS analysis of the LHC $pp$ collision data at $\sqrt{s}=$ 7 and 8 TeV},
Year = {2016},
Eprint = {arXiv:1606.02266},
Howpublished = {JHEP08(2016)045},
Doi = {10.1007/JHEP08(2016)045},
}

article{1307.1347,
Author = { The LHC Higgs Cross Section Working Group and S. Heinemeyer and C. Mariotti and G. Passarino and R. Tanaka and J. R. Andersen and P. Artoisenet and E. A. Bagnaschi and A. Banfi and T. Becher and F. U. Bernlochner and S. Bolognesi and P. Bolzoni and R. Boughezal and D. Buarque and J. Campbell and F. Caola and M. Carena and F. Cascioli and N. Chanon and T. Cheng and S. Y. Choi and A. David and P. de Aquino and G. Degrassi and D. Del Re and A. Denner and H. van Deurzen and S. Diglio and B. Di Micco and R. Di Nardo and S. Dittmaier and M. Duhrssen and R. K. Ellis and G. Ferrera and N. Fidanza and M. Flechl and D. de Florian and S. Forte and R. Frederix and S. Frixione and S. Gangal and Y. Gao and M. V. Garzelli and D. Gillberg and P. Govoni and M. Grazzini and N. Greiner and J. Griffiths and A . V. Gritsan and C. Grojean and D. C. Hall and C. Hays and R. Harlander and R. Hernandez-Pinto and S. Hoche and J. Huston and T. Jubb and M. Kadastik and S. Kallweit and A. Kardos and L. Kashif and N. Kauer and H. Kim and R. Klees and M. Kramer and F. Krauss and A. Laureys and S. Laurila and S. Lehti and Q. Li and S. Liebler and X. Liu and H. E. Logan and G. Luisoni and M. Malberti and F. Maltoni and K. Mawatari and F. Maierhofer and H. Mantler and S. Martin and P. Mastrolia and O. Mattelaer and J. Mazzitelli and B. Mellado and K. Melnikov and P. Meridiani and D. J. Miller and E. Mirabella and S. O. Moch and P. Monni and N. Moretti and A. Muck and M. Muhlleitner and P. Musella and P. Nason and C. Neu and M. Neubert and C. Oleari and J. Olsen and G. Ossola and T. Peraro and K. Peters and F. Petriello and G. Piacquadio and C. T. Potter and S. Pozzorini and K. Prokofiev and I. Puljak and M. Rauch and D. Rebuzzi and L. Reina and R. Rietkerk and A. Rizzi and Y. Rotstein-Habarnau and G. P. Salam and G. Sborlini and F. Schissler and M. Schonherr and M. Schulze and M. Schumacher and F. Siegert and P. Slavich and J. M. Smillie and O. Stal and J. F. von Soden-Fraunhofen and M. Spira and I. W. Stewart and F. J. Tackmann and P. T. E. Taylor and D. Tommasini and J. Thompson and R. S. Thorne and P. Torrielli and F. Tramontano and N. V. Tran and Z. Trocsanyi and M. Ubiali and P. Vanlaer and M. Vazquez Acosta and T. Vickey and A. Vicini and W. J. Waalewijn and D. Wackeroth and C. Wagner and J. R. Walsh and J. Wang and G. Weiglein and A. Whitbeck and C. Williams and J. Yu and G. Zanderighi and M. Zanetti and M. Zaro and P. M. Zerwas and C. Zhang and T. J . E. Zirke and S. Zuberi},
Title = {Handbook of LHC Higgs Cross Sections: 3. Higgs Properties},
Year = {2013},
Eprint = {arXiv:1307.1347},
Doi = {10.5170/CERN-2013-004},
}

@article{1610.07922,
Author = {D. de Florian and C. Grojean and F. Maltoni and C. Mariotti and A. Nikitenko and M. Pieri and P. Savard and M. Schumacher and R. Tanaka and R. Aggleton and M. Ahmad and B. Allanach and C. Anastasiou and W. Astill and S. Badger and M. Badziak and J. Baglio and E. Bagnaschi and A. Ballestrero and A. Banfi and D. Barducci and M. Beckingham and C. Becot and G. Bélanger and J. Bellm and N. Belyaev and F. U. Bernlochner and C. Beskidt and A. Biekötter and F. Bishara and W. Bizon and N. E. Bomark and M. Bonvini and S. Borowka and V. Bortolotto and S. Boselli and F. J. Botella and R. Boughezal and G. C. Branco and J. Brehmer and L. Brenner and S. Bressler and I. Brivio and A. Broggio and H. Brun and G. Buchalla and C. D. Burgard and A. Calandri and L. Caminada and R. Caminal Armadans and F. Campanario and J. Campbell and F. Caola and C. M. Carloni Calame and S. Carrazza and A. Carvalho and M. Casolino and O. Cata and A. Celis and F. Cerutti and N. Chanon and M. Chen and X. Chen and B. Chokoufé Nejad and N. Christensen and M. Ciuchini and R. Contino and T. Corbett and R. Costa and D. Curtin and M. Dall'Osso and A. David and S. Dawson and J. de Blas and W. de Boer and P. de Castro Manzano and C. Degrande and R. L. Delgado and F. Demartin and A. Denner and B. Di Micco and R. Di Nardo and S. Dittmaier and A. Dobado and T. Dorigo and F. A. Dreyer and M. Dührssen and C. Duhr and F. Dulat and K. Ecker and K. Ellis and U. Ellwanger and C. Englert and D. Espriu and A. Falkowski and L. Fayard and R. Feger and G. Ferrera and A. Ferroglia and N. Fidanza and T. Figy and M. Flechl and D. Fontes and S. Forte and P. Francavilla and E. Franco and R. Frederix and A. Freitas and F. F. Freitas and F. Frensch and S. Frixione and B. Fuks and E. Furlan and S. Gadatsch and J. Gao and Y. Gao and M. V. Garzelli and T. Gehrmann and R. Gerosa and M. Ghezzi and D. Ghosh and S. Gieseke and D. Gillberg and G. F. Giudice and E. W. N. Glover and F. Goertz and D. Gonçalves and J. Gonzalez-Fraile and M. Gorbahn and S. Gori and C. A. Gottardo and M. Gouzevitch and P. Govoni and D. Gray and M. Grazzini and N. Greiner and A. Greljo and J. Grigo and A. V. Gritsan and R. Gröber and S. Guindon and H. E. Haber and C. Han and T. Han and R. Harlander and M. A. Harrendorf and H. B. Hartanto and C. Hays and S. Heinemeyer and G. Heinrich and M. Herrero and F. Herzog and B. Hespel and V. Hirschi and S. Hoeche and S. Honeywell and S. J. Huber and C. Hugonie and J. Huston and A. Ilnicka and G. Isidori and B. Jäger and M. Jaquier and S. P. Jones and A. Juste and S. Kallweit and A. Kaluza and A. Kardos and A. Karlberg and Z. Kassabov and N. Kauer and D. I. Kazakov and M. Kerner and W. Kilian and F. Kling and K. Köneke and R. Kogler and R. Konoplich and S. Kortner and S. Kraml and C. Krause and F. Krauss and M. Krawczyk and A. Kulesza and S. Kuttimalai and R. Lane and A. Lazopoulos and G. Lee and P. Lenzi and I. M. Lewis and Y. Li and S. Liebler and J. Lindert and X. Liu and Z. Liu and F. J. Llanes-Estrada and H. E. Logan and D. Lopez-Val and I. Low and G. Luisoni and P. Maierhöfer and E. Maina and B. Mansoulié and H. Mantler and M. Mantoani and A. C. Marini and V. I. Martinez Outschoorn and S. Marzani and D. Marzocca and A. Massironi and K. Mawatari and J. Mazzitelli and A. McCarn and B. Mellado and K. Melnikov and S. B. Menari and L. Merlo and C. Meyer and P. Milenovic and K. Mimasu and S. Mishima and B. Mistlberger and S. -O. Moch and A. Mohammadi and P. F. Monni and G. Montagna and M. Moreno Llácer and N. Moretti and S. Moretti and L. Motyka and A. Mück and M. Mühlleitner and S. Munir and P. Musella and P. Nadolsky and D. Napoletano and M. Nebot and C. Neu and M. Neubert and R. Nevzorov and O. Nicrosini and J. Nielsen and K. Nikolopoulos and J. M. No and C. O'Brien and T. Ohl and C. Oleari and T. Orimoto and D. Pagani and C. E. Pandini and A. Papaefstathiou and A. S. Papanastasiou and G. Passarino and B. D. Pecjak and M. Pelliccioni and G. Perez and L. Perrozzi and F. Petriello and G. Petrucciani and E. Pianori and F. Piccinini and M. Pierini and A. Pilkington and S. Plätzer and T. Plehn and R. Podskubka and C. T. Potter and S. Pozzorini and K. Prokofiev and A. Pukhov and I. Puljak and M. Queitsch-Maitland and J. Quevillon and D. Rathlev and M. Rauch and E. Re and M. N. Rebelo and D. Rebuzzi and L. Reina and C. Reuschle and J. Reuter and M. Riembau and F. Riva and A. Rizzi and T. Robens and R. Röntsch and J. Rojo and J. C. Romão and N. Rompotis and J. Roskes and R. Roth and G. P. Salam and R. Salerno and M. O. P. Sampaio and R. Santos and V. Sanz and J. J. Sanz-Cillero and H. Sargsyan and U. Sarica and P. Schichtel and J. Schlenk and T. Schmidt and C. Schmitt and M. Schönherr and U. Schubert and M. Schulze and S. Sekula and M. Sekulla and E. Shabalina and H. S. Shao and J. Shelton and C. H. Shepherd-Themistocleous and S. Y. Shim and F. Siegert and A. Signer and J. P. Silva and L. Silvestrini and M. Sjodahl and P. Slavich and M. Slawinska and L. Soffi and M. Spannowsky and C. Speckner and D. M. Sperka and M. Spira and O. Stål and F. Staub and T. Stebel and T. Stefaniak and M. Steinhauser and I. W. Stewart and M. J. Strassler and J. Streicher and D. M. Strom and S. Su and X. Sun and F. J. Tackmann and K. Tackmann and A. M. Teixeira and R. Teixeira de Lima and V. Theeuwes and R. Thorne and D. Tommasini and P. Torrielli and M. Tosi and F. Tramontano and Z. Trócsányi and M. Trott and I. Tsinikos and M. Ubiali and P. Vanlaer and W. Verkerke and A. Vicini and L. Viliani and E. Vryonidou and D. Wackeroth and C. E. M. Wagner and J. Wang and S. Wayand and G. Weiglein and C. Weiss and M. Wiesemann and C. Williams and J. Winter and D. Winterbottom and R. Wolf and M. Xiao and L. L. Yang and R. Yohay and S. P. Y. Yuen and G. Zanderighi and M. Zaro and D. Zeppenfeld and R. Ziegler and T. Zirke and J. Zupan},
Title = {Handbook of LHC Higgs Cross Sections: 4. Deciphering the Nature of the Higgs Sector},
Year = {2016},
Eprint = {arXiv:1610.07922},
Doi = {10.23731/CYRM-2017-002},
}

@article{Englert1964,
  doi = {10.1103/physrevlett.13.321},
  url = {https://doi.org/10.1103/physrevlett.13.321},
  year  = {1964},
  month = {aug},
  publisher = {American Physical Society ({APS})},
  volume = {13},
  number = {9},
  pages = {321--323},
  author = {F. Englert and R. Brout},
  title = {Broken Symmetry and the Mass of Gauge Vector Mesons},
  journal = {Physical Review Letters}
}

@article{Higgs1964,
  doi = {10.1103/physrevlett.13.508},
  url = {https://doi.org/10.1103/physrevlett.13.508},
  year  = {1964},
  month = {oct},
  publisher = {American Physical Society ({APS})},
  volume = {13},
  number = {16},
  pages = {508--509},
  author = {Peter W. Higgs},
  title = {Broken Symmetries and the Masses of Gauge Bosons},
  journal = {Physical Review Letters}
}

@article{Guralnik1964,
  doi = {10.1103/physrevlett.13.585},
  url = {https://doi.org/10.1103/physrevlett.13.585},
  year  = {1964},
  month = {nov},
  publisher = {American Physical Society ({APS})},
  volume = {13},
  number = {20},
  pages = {585--587},
  author = {G. S. Guralnik and C. R. Hagen and T. W. B. Kibble},
  title = {Global Conservation Laws and Massless Particles},
  journal = {Physical Review Letters}
}

@article{1212.5581,
Author = {J. Baglio and A. Djouadi and R. Grober and M. M. Muhlleitner and J. Quevillon and M. Spira},
Title = {The measurement of the Higgs self-coupling at the LHC: theoretical status},
Year = {2012},
Eprint = {arXiv:1212.5581},
Howpublished = {JHEP 1304 (2013) 151},
Doi = {10.1007/JHEP04(2013)151},
}

@misc{1401.0935,
Author = {Aielet Efrati and Yosef Nir},
Title = {What if $\lambda_{hhh}\neq 3m_h^2/v$},
Year = {2014},
Eprint = {arXiv:1401.0935},
}

@article{1401.7340,
Author = {R. Frederix and S. Frixione and V. Hirschi and F. Maltoni and O. Mattelaer and P. Torrielli and E. Vryonidou and M. Zaro},
Title = {Higgs pair production at the LHC with NLO and parton-shower effects},
Year = {2014},
Eprint = {arXiv:1401.7340},
Howpublished = {Phys.Lett. B732 (2014) 142-149},
Doi = {10.1016/j.physletb.2014.03.026},
}

@article{hep-ph/9803315,
Author = {Nima Arkani-Hamed and Savas Dimopoulos and Gia Dvali},
Title = {The Hierarchy Problem and New Dimensions at a Millimeter},
Year = {1998},
Eprint = {arXiv:hep-ph/9803315},
Howpublished = {Phys.Lett.B429:263-272,1998},
Doi = {10.1016/S0370-2693(98)00466-3},
}

@article{hep-ph/9905221,
Author = {Lisa Randall and Raman Sundrum},
Title = {A Large Mass Hierarchy from a Small Extra Dimension},
Year = {1999},
Eprint = {arXiv:hep-ph/9905221},
Howpublished = {Phys.Rev.Lett.83:3370-3373,1999},
Doi = {10.1103/PhysRevLett.83.3370},
}

@misc{1404.0102,
Author = {Alexandra Carvalho},
Title = {Gravity particles from Warped Extra Dimensions, predictions for LHC},
Year = {2014},
Eprint = {arXiv:1404.0102},
}

@article{hep-ph/0701150,
Author = {A. Liam Fitzpatrick and Jared Kaplan and Lisa Randall and Lian-Tao Wang},
Title = {Searching for the Kaluza-Klein Graviton in Bulk RS Models},
Year = {2007},
Eprint = {arXiv:hep-ph/0701150},
Howpublished = {JHEP 0709:013,2007},
Doi = {10.1088/1126-6708/2007/09/013},
}

@misc{WEDXSgithub,
      howpublished  = "\url{https://github.com/CrossSectionsLHC/WED}"
}

@misc{1608.06578,
Author = {Alexandra Carvalho and Martino Dall'Osso and Pablo de Castro Manzano and Tommaso Dorigo and Florian Goertz and Maxime Gouzevich and Mia Tosi},
Title = {Analytical parametrization and shape classification of anomalous HH production in the EFT approach},
Year = {2016},
Eprint = {arXiv:1608.06578},
}

@article{1507.02245,
Author = {Alexandra Carvalho and Martino Dall'Osso and Tommaso Dorigo and Florian Goertz and Carlo A. Gottardo and Mia Tosi},
Title = {Higgs Pair Production: Choosing Benchmarks With Cluster Analysis},
Year = {2015},
Eprint = {arXiv:1507.02245},
Doi = {10.1007/JHEP04(2016)126},
}

@article{1008.4884,
Author = {B. Grzadkowski and M. Iskrzynski and M. Misiak and J. Rosiek},
Title = {Dimension-Six Terms in the Standard Model Lagrangian},
Year = {2010},
Eprint = {arXiv:1008.4884},
Doi = {10.1007/JHEP10(2010)085},
}

@article{Buchmller1986,
  doi = {10.1016/0550-3213(86)90262-2},
  url = {https://doi.org/10.1016/0550-3213(86)90262-2},
  year  = {1986},
  month = {may},
  publisher = {Elsevier {BV}},
  volume = {268},
  number = {3-4},
  pages = {621--653},
  author = {W. Buchm\"{u}ller and D. Wyler},
  title = {Effective lagrangian analysis of new interactions and flavour conservation},
  journal = {Nuclear Physics B}
}

@article{1410.3471,
Author = {Florian Goertz and Andreas Papaefstathiou and Li Lin Yang and José Zurita},
Title = {Higgs boson pair production in the D=6 extension of the SM},
Year = {2014},
Eprint = {arXiv:1410.3471},
Doi = {10.1007/JHEP04(2015)167},
}

@article{1306.6464,
Author = {P. Artoisenet and P. de Aquino and F. Demartin and R. Frederix and S. Frixione and F. Maltoni and M. K. Mandal and P. Mathews and K. Mawatari and V. Ravindran and S. Seth and P. Torrielli and M. Zaro},
Title = {A framework for Higgs characterisation},
Year = {2013},
Eprint = {arXiv:1306.6464},
Doi = {10.1007/JHEP11(2013)043},
}

@article{1309.6594,
Author = {Daniel de Florian and Javier Mazzitelli},
Title = {Higgs Boson Pair Production at Next-to-Next-to-Leading Order in QCD},
Year = {2013},
Eprint = {arXiv:1309.6594},
Howpublished = {Phys.Rev.Lett. 111 (2013) 201801},
Doi = {10.1103/PhysRevLett.111.201801},
}

@article{1503.04114,
Author = { CMS Collaboration},
Title = {Search for resonant pair production of Higgs bosons decaying to two bottom quark-antiquark pairs in proton-proton collisions at 8 TeV},
Year = {2015},
Eprint = {arXiv:1503.04114},
Howpublished = {Phys. Lett. B 749 (2015) 560},
Doi = {10.1016/j.physletb.2015.08.047},
}

@article{1603.06896,
Author = { CMS Collaboration},
Title = {Search for two Higgs bosons in final states containing two photons and two bottom quarks in proton-proton collisions at 8 TeV},
Year = {2016},
Eprint = {arXiv:1603.06896},
Howpublished = {Phys. Rev. D 94, 052012 (2016)},
Doi = {10.1103/PhysRevD.94.052012},
}

@article{1707.00350,
Author = { CMS Collaboration},
Title = {A search for Higgs boson pair production in the bb tau tau final state in proton-proton collisions at sqrt(s) = 8 TeV},
Year = {2017},
Eprint = {arXiv:1707.00350},
Howpublished = {Phys. Rev. D 96, 072004 (2017)},
Doi = {10.1103/PhysRevD.96.072004},
}

@article{1509.04670,
Author = { ATLAS Collaboration},
Title = {Searches for Higgs boson pair production in the $hh\to bb\tau\tau, \gamma\gamma WW*, \gamma\gamma bb, bbbb$ channels with the ATLAS detector},
Year = {2015},
Eprint = {arXiv:1509.04670},
Howpublished = {Phys. Rev. D 92 (2015) 092004},
Doi = {10.1103/PhysRevD.92.092004},
}

@article{1506.00285,
Author = { ATLAS Collaboration},
Title = {Search for Higgs boson pair production in the $b\bar{b} b\bar{b}$ final state from $pp$ collisions at $\sqrt{s} = 8$ TeV with the ATLAS detector},
Year = {2015},
Eprint = {arXiv:1506.00285},
Howpublished = {Eur. Phys. J. C (2015) 75:412},
Doi = {10.1140/epjc/s10052-015-3628-x},
}

@article{1406.5053,
Author = { ATLAS Collaboration},
Title = {Search For Higgs Boson Pair Production in the $\gamma\gamma b\bar{b}$ Final State using $pp$ Collision Data at $\sqrt{s}=8$ TeV from the ATLAS Detector},
Year = {2014},
Eprint = {arXiv:1406.5053},
Howpublished = {Phys. Rev. Lett. 114, 081802 (2015)},
Doi = {10.1103/PhysRevLett.114.081802},
}

@article{1602.08762,
Author = { CMS Collaboration},
Title = {Search for heavy resonances decaying to two Higgs bosons in final states containing four b quarks},
Year = {2016},
Eprint = {arXiv:1602.08762},
Howpublished = {Eur. Phys. J. C 76 (2016) 371},
Doi = {10.1140/epjc/s10052-016-4206-6},
}

@techreport{CMS-PAS-EXO-15-008,
      title         = "{Search for resonant pair production of Higgs bosons
                       decaying to $b\bar{b}$ and $\tau^+\tau^-$ in proton-proton
                       collisions at $\sqrt{s} = 8$ TeV}",
      institution   = "CERN",
      collaboration = "CMS Collaboration",
      address       = "Geneva",
      number        = "CMS-PAS-EXO-15-008",
      year          = "2015",
      reportNumber  = "CMS-PAS-EXO-15-008",
      url           = "https://cds.cern.ch/record/2125293",
}

@article{1510.07488,
Author = { CMS Collaboration},
Title = {Reconstruction and identification of tau lepton decays to hadrons and tau neutrino at CMS},
Year = {2015},
Eprint = {arXiv:1510.07488},
Howpublished = {JINST 11 (2016) P01019},
Doi = {10.1088/1748-0221/11/01/P01019},
}

@techreport{CMS-PAS-BTV-13-001,
      title         = "{Performance of b tagging at sqrt(s)=8 TeV in multijet,
                       ttbar and boosted topology events}",
      institution   = "CERN",
      collaboration = "CMS Collaboration",
      address       = "Geneva",
      number        = "CMS-PAS-BTV-13-001",
      year          = "2013",
      reportNumber  = "CMS-PAS-BTV-13-001",
      url           = "http://cds.cern.ch/record/1581306",
}

@article{1408.6542,
Author = {F. Maltoni and E. Vryonidou and M. Zaro},
Title = {Top-quark mass effects in double and triple Higgs production in gluon-gluon fusion at NLO},
Year = {2014},
Eprint = {arXiv:1408.6542},
Doi = {10.1007/JHEP11(2014)079},
}

@book{Thomson:2013zua,
      author         = "Thomson, Mark",
      title          = "{Modern particle physics}",
      publisher      = "Cambridge University Press",
      address        = "New York",
      year           = "2013",
      url            = "http://www-spires.fnal.gov/spires/find/books/www?cl=QC793.2.T46::2013",
      ISBN           = "9781107034266",
      SLACcitation   = "%%CITATION = INSPIRE-1326857;%%"
}
%%%%% Chapter 2 %%%%%

@article{Evans:2008zzb,
         author         = "Evans, Lyndon and Bryant, Philip",
         title          = "{LHC Machine}",
	 journal        = "JINST",
	 volume         = "3",
	 year           = "2008",
	 pages          = "S08001",
	 doi            = "10.1088/1748-0221/3/08/S08001",
	 SLACcitation   = "%%CITATION = JINST,3,S08001;%%"
}

@article{Chatrchyan:2008aa,
         author         = "Chatrchyan, S. and others",
         title          = "{The CMS experiment at the CERN LHC}",
	 collaboration  = "CMS",
	 journal        = "JINST",
	 volume         = "3",
	 year           = "2008",
	 pages          = "S08004",
	 doi            = "10.1088/1748-0221/3/08/S08004",
	 SLACcitation   = "%%CITATION = JINST,3,S08004;%%"
}

@book{CMS:MagPrjt,
      title         = "{The CMS magnet project: Technical Design Report}",
      publisher     = "CERN",
      collaboration = "CMS Collaboration",
      address       = "Geneva",
      series        = "Technical Design Report CMS",
      year          = "1997",
      url           = "http://cds.cern.ch/record/331056",
}

@book{Karimaki:368412,
      author        = "Karimäki, V and Mannelli, M and Siegrist, P and Breuker,
                       H and Caner, A and Castaldi, R and Freudenreich, K and
                       Hall, G and Horisberger, R and Huhtinen, M and Cattai, A",
      title         = "{The CMS tracker system project: Technical Design Report}",
      publisher     = "CERN",
      collaboration = "CMS Collaboration",
      address       = "Geneva",
      series        = "Technical Design Report CMS",
      year          = "1997",
      url           = "https://cds.cern.ch/record/368412",
}

@article{1748-0221-9-10-P10009,
  author="The CMS Collaboration",
  title="Description and performance of track and primary-vertex reconstruction with the CMS tracker",
  journal="JINST",
  volume="9",
  number="10",
  pages="P10009",
  doi="	10.1088/1748-0221/9/10/P10009",
  year="2014",
  reportNumber   = "CMS-TRK-11-001, CERN-PH-EP-2014-070"
}

@article{1742-6596-587-1-012001,
  author="Cristina Biino",
  title="The CMS Electromagnetic Calorimeter: overview, lessons learned during Run 1 and future projections",
  journal="Journal of Physics: Conference Series",
  volume="587",
  number="1",
  pages="012001",
  url="http://stacks.iop.org/1742-6596/587/i=1/a=012001",
  year="2015"
}

@book{CMS:ECALprjt,
      title         = "{The CMS electromagnetic calorimeter project: Technical
                       Design Report}",
      publisher     = "CERN",
      collaboration = "CMS Collaboration",
      address       = "Geneva",
      series        = "Technical Design Report CMS",
      year          = "1997",
      url           = "https://cds.cern.ch/record/349375",
}

@book{CMS:HCALTDR,
      title         = "{The CMS hadron calorimeter project: Technical Design
                       Report}",
      publisher     = "CERN",
      collaboration = "CMS Collaboration",
      address       = "Geneva",
      series        = "Technical Design Report CMS",
      year          = "1997",
      url           = "http://cds.cern.ch/record/357153"
}

@book{CMS:MuonTDR,
      title         = "{The CMS muon project: Technical Design Report}",
      publisher     = "CERN",
      collaboration = "CMS Collaboration",
      address       = "Geneva",
      series        = "Technical Design Report CMS",
      year          = "1997",
      url           = "https://cds.cern.ch/record/343814",
}

@book{Bayatyan:706847,
      title         = "{CMS TriDAS project: Technical Design Report, Volume 1:
                       The Trigger Systems}",
      collaboration = "CMS Collaboration",
      series        = "Technical Design Report CMS",
      url           = "http://cds.cern.ch/record/706847",
}

@book{Cittolin:578006,
      author        = "Cittolin, Sergio and Rácz, Attila and Sphicas, Paris",
      title         = "{CMS The TriDAS Project: Technical Design Report, Volume
                       2: Data Acquisition and High-Level Trigger. CMS trigger and
                       data-acquisition project}",
      publisher     = "CERN",
      collaboration = "CMS Collaboration",
      address       = "Geneva",
      series        = "Technical Design Report CMS",
      year          = "2002",
      url           = "http://cds.cern.ch/record/578006",
}

@misc{CMSSW,
      author        = "CMS Collaboration",
      title         = "CMS software",
      howpublished  = "\url{https://github.com/cms-sw}"
}

@misc{CMSLumiPublic,
      author        = "CMS Collaboration",
      title         = "{CMS Luminosity Public Results}",
      howpublished  = "\url{https://twiki.cern.ch/twiki/bin/view/CMSPublic/LumiPublicResults}"
}

@misc{LHCStatistics,
      author 	    = "CERN",
      title         = "{Accelerator Performance and Statistics}",
      howpublished  = "\url{http://acc-stats.web.cern.ch/acc-stats/}"
}

%%%%% Chapter 3 %%%%%
@Article{Hocker:2007ht, 
		author	=	"Hoecker, Andreas and Speckmayer, Peter and Stelzer, Joerg and Therhaag, Jan and von Toerne, Eckhard and Voss, Helge",
		title	 = 	"{TMVA: Toolkit for Multivariate Data Analysis}",
		journal	 = 	"PoS",
		volume	 = 	"ACAT",
		year	 = 	"2007",
		pages	 = 	"040",
		eprint	 = 	"physics/0703039",
		archivePrefix	 = 	"arXiv",
		SLACcitation	 = 	"%%CITATION = PHYSICS/0703039;%%"
}

@techreport{CMS-PAS-BTV-15-001,
      title         = "{Identification of b quark jets at the CMS Experiment in
                       the LHC Run 2}",
      institution   = "CERN",
      collaboration = "CMS Collaboration",
      address       = "Geneva",
      number        = "CMS-PAS-BTV-15-001",
      year          = "2016",
      reportNumber  = "CMS-PAS-BTV-15-001",
      url           = "https://cds.cern.ch/record/2138504"
}

@misc{CMSSWMVA,
      author        = "CMS Collaboration",
      title         = "{MVA Framework Offline Guide}",
      howpublished  = "\url{https://twiki.cern.ch/twiki/bin/view/CMSPublic/SWGuideMVAFramework}"
}

@article{hep-ph/0005110,
Author = {E. Norrbin and T. Sjöstrand},
Title = {Production and Hadronization of Heavy Quarks},
Year = {2000},
Eprint = {arXiv:hep-ph/0005110},
Howpublished = {Eur.Phys.J.C17:137-161,2000},
Doi = {10.1007/s100520000460},
}

@article{1126-6708-2008-04-063,
  author={Matteo Cacciari and Gavin P. Salam and Gregory Soyez},
  title={The anti- k t jet clustering algorithm},
  journal={Journal of High Energy Physics},
  volume={2008},
  number={04},
  pages={063},
  url={http://stacks.iop.org/1126-6708/2008/i=04/a=063},
  year={2008},
  abstract={The k t and Cambridge/Aachen inclusive jet finding algorithms for hadron-hadron collisions can be seen as belonging to a broader class of sequential recombination jet algorithms, parametrised by the power of the energy scale in the distance measure. We examine some properties of a new member of this class, for which the power is negative. This ``anti- k t '' algorithm essentially behaves like an idealised cone algorithm, in that jets with only soft fragmentation are conical, active and passive areas are equal, the area anomalous dimensions are zero, the non-global logarithms are those of a rigid boundary and the Milan factor is universal. None of these properties hold for existing sequential recombination algorithms, nor for cone algorithms with split-merge steps, such as SISCone. They are however the identifying characteristics of the collinear unsafe plain ``iterative cone'' algorithm, for which the anti- k t algorithm provides a natural, fast, infrared and collinear safe replacement.}
}

@article{1102.3194,
Author = {The CMS Collaboration},
Title = {Measurement of B anti-B Angular Correlations based on Secondary Vertex Reconstruction at sqrt(s)=7 TeV},
Year = {2011},
Eprint = {arXiv:1102.3194},
Howpublished = {JHEP 1103:136,2011},
Doi = {10.1007/JHEP03(2011)136},
}

@article{CMS-DP-2017-005,
      title         = "{Heavy flavor identification at CMS with deep neural
                       networks}",
      collaboration = "CMS Collaboration",
      month         = "Mar",
      year          = "2017",
      reportNumber  = "CMS-DP-2017-005",
      url           = "http://cds.cern.ch/record/2255736",
}

@techreport{CMS-PAS-HIG-16-003,
      title         = "{Search for the standard model Higgs boson produced
                       through vector boson fusion and decaying to bb with
                       proton-proton collisions at sqrt(s) = 13 TeV}",
      institution   = "CERN",
      collaboration = "CMS Collaboration",
      address       = "Geneva",
      number        = "CMS-PAS-HIG-16-003",
      year          = "2016",
      reportNumber  = "CMS-PAS-HIG-16-003",
      url           = "https://cds.cern.ch/record/2160154",
}

@article{1310.3687,
Author = { CMS Collaboration},
Title = {Search for the standard model Higgs boson produced in association with a W or a Z boson and decaying to bottom quarks},
Year = {2013},
Eprint = {arXiv:1310.3687},
Howpublished = {Phys. Rev. D 89, 012003 (2014)},
Doi = {10.1103/PhysRevD.89.012003},
}

@techreport{CMS-PAS-JME-16-003,
      title         = "{Jet algorithms performance in 13 TeV data}",
      institution   = "CERN",
      collaboration = "CMS Collaboration",
      address       = "Geneva",
      number        = "CMS-PAS-JME-16-003",
      year          = "2017",
      reportNumber  = "CMS-PAS-JME-16-003",
      url           = "https://cds.cern.ch/record/2256875",
}

@techreport{CMS-PAS-JME-13-005,
      title         = "{Pileup Jet Identification}",
      institution   = "CERN",
      collaboration = "CMS Collaboration",
      address       = "Geneva",
      number        = "CMS-PAS-JME-13-005",
      year          = "2013",
      reportNumber  = "CMS-PAS-JME-13-005",
      url           = "https://cds.cern.ch/record/1581583",
}

@article{1202.1487,
Author = { CMS Collaboration},
Title = {Search for the standard model Higgs boson decaying into two photons in pp collisions at sqrt(s)=7 TeV},
Year = {2012},
Eprint = {arXiv:1202.1487},
Howpublished = {Phys. Lett. B 710 (2012) 403},
Doi = {10.1016/j.physletb.2012.03.003},
}

@misc{1804.02716,
Author = { CMS Collaboration},
Title = {Measurements of Higgs boson properties in the diphoton decay channel in proton-proton collisions at $\sqrt{s} =$ 13 TeV},
Year = {2018},
Eprint = {arXiv:1804.02716},
}

@misc{GBRlikelihood,
	author        = "CMS Collaboration",
	title         = "GBRlikelihood package",
	howpublished  = "\url{https://github.com/cms-egamma/HiggsAnalysis/tree/master/GBRLikelihood}"
}

%%%%% Chapter 4 %%%%%

@article{1706.04965,
Author = { CMS Collaboration},
Title = {Particle-flow reconstruction and global event description with the CMS detector},
Year = {2017},
Eprint = {arXiv:1706.04965},
Howpublished = {JINST 12 (2017) P10003},
Doi = {10.1088/1748-0221/12/10/P10003},
}

@article{1107.4277,
Author = { CMS Collaboration},
Title = {Determination of Jet Energy Calibration and Transverse Momentum Resolution in CMS},
Year = {2011},
Eprint = {arXiv:1107.4277},
Howpublished = {JINST 6 (2011) 11002},
Doi = {10.1088/1748-0221/6/11/P11002},
}

@article{1404.0996,
Author = {Nilanjana Kumar and Stephen P. Martin},
Title = {LHC search for di-Higgs decays of stoponium and other scalars in events with two photons and two bottom jets},
Year = {2014},
Eprint = {arXiv:1404.0996},
Howpublished = {Phys. Rev. D 90, 055007 (2014)},
Doi = {10.1103/PhysRevD.90.055007},
}

@article{1405.0301,
Author = {J. Alwall and R. Frederix and S. Frixione and V. Hirschi and F. Maltoni and O. Mattelaer and H. -S. Shao and T. Stelzer and P. Torrielli and M. Zaro},
Title = {The automated computation of tree-level and next-to-leading order differential cross sections, and their matching to parton shower simulations},
Year = {2014},
Eprint = {arXiv:1405.0301},
Howpublished = {JHEP07(2014)079},
Doi = {10.1007/JHEP07(2014)079},
}

@article{1407.0281,
Author = {Benoit Hespel and David Lopez-Val and Eleni Vryonidou},
Title = {Higgs pair production via gluon fusion in the Two-Higgs-Doublet Model},
Year = {2014},
Eprint = {arXiv:1407.0281},
Doi = {10.1007/JHEP09(2014)124},
}

@misc{1504.06469,
Author = {Stefano Carrazza and Jose I. Latorre and Juan Rojo and Graeme Watt},
Title = {A compression algorithm for the combination of PDF sets},
Year = {2015},
Eprint = {arXiv:1504.06469},
}

@article{1510.03865,
Author = {Jon Butterworth and Stefano Carrazza and Amanda Cooper-Sarkar and Albert De Roeck and Joel Feltesse and Stefano Forte and Jun Gao and Sasha Glazov and Joey Huston and Zahari Kassabov and Ronan McNulty and Andreas Morsch and Pavel Nadolsky and Voica Radescu and Juan Rojo and Robert Thorne},
Title = {PDF4LHC recommendations for LHC Run II},
Year = {2015},
Eprint = {arXiv:1510.03865},
Howpublished = {J. Phys. G: Nucl. Part. Phys. 43 023001 (2016)},
Doi = {10.1088/0954-3899/43/2/023001},
}

@article{1506.07443,
Author = {Sayipjamal Dulat and Tie Jiun Hou and Jun Gao and Marco Guzzi and Joey Huston and Pavel Nadolsky and Jon Pumplin and Carl Schmidt and Daniel Stump and C. P. Yuan},
Title = {New parton distribution functions from a global analysis of quantum chromodynamics},
Year = {2015},
Eprint = {arXiv:1506.07443},
Howpublished = {Phys. Rev. D 93, 033006 (2016)},
Doi = {10.1103/PhysRevD.93.033006},
}

@article{1412.3989,
Author = {L. A. Harland-Lang and A. D. Martin and P. Motylinski and R. S. Thorne},
Title = {Parton distributions in the LHC era: MMHT 2014 PDFs},
Year = {2014},
Eprint = {arXiv:1412.3989},
Doi = {10.1140/epjc/s10052-015-3397-6},
}

@article{1410.8849,
Author = { The NNPDF Collaboration and Richard D. Ball and Valerio Bertone and Stefano Carrazza and Christopher S. Deans and Luigi Del Debbio and Stefano Forte and Alberto Guffanti and Nathan P. Hartland and Jose I. Latorre and Juan Rojo and Maria Ubiali},
Title = {Parton distributions for the LHC Run II},
Year = {2014},
Eprint = {arXiv:1410.8849},
Doi = {10.1007/JHEP04(2015)040},
}

@article{1412.7420,
Author = {Andy Buckley and James Ferrando and Stephen Lloyd and Karl Nordstrom and Ben Page and Martin Ruefenacht and Marek Schoenherr and Graeme Watt},
Title = {LHAPDF6: parton density access in the LHC precision era},
Year = {2014},
Eprint = {arXiv:1412.7420},
Doi = {10.1140/epjc/s10052-015-3318-8},
}

@misc{MadCard,
      howpublished  = "\url{https://github.com/syuvivida/DibosonBSMSignal_13TeV}"
}

@misc{1710.08261,
Author = {Alexandra Carvalho and Florian Goertz and Ken Mimasu and Maxime Gouzevitch and Anamika Aggarwal},
Title = {On the reinterpretation of non-resonant searches for Higgs boson pairs},
Year = {2017},
Eprint = {arXiv:1710.08261},
}

@article{1502.02702,
Author = { CMS Collaboration},
Title = {Performance of photon reconstruction and identification with the CMS detector in proton-proton collisions at sqrt(s) = 8 TeV},
Year = {2015},
Eprint = {arXiv:1502.02702},
Howpublished = {JINST 10 (2015) P08010},
Doi = {10.1088/1748-0221/10/08/P08010},
}

@article{1706.08309,
Author = {Daniel Faeh and Nicolas Greiner},
Title = {Diphoton production in association with two bottom jets},
Year = {2017},
Eprint = {arXiv:1706.08309},
Doi = {10.1140/epjc/s10052-017-5296-5},
}

@article{hep-ph/0409146,
Author = {Paolo Nason},
Title = {A New Method for Combining NLO QCD with Shower Monte Carlo Algorithms},
Year = {2004},
Eprint = {arXiv:hep-ph/0409146},
Howpublished = {JHEP 0411:040,2004},
Doi = {10.1088/1126-6708/2004/11/040},
}

@article{0709.2092,
Author = {Stefano Frixione and Paolo Nason and Carlo Oleari},
Title = {Matching NLO QCD computations with Parton Shower simulations: the POWHEG method},
Year = {2007},
Eprint = {arXiv:0709.2092},
Doi = {10.1088/1126-6708/2007/11/070},
}

@article{1002.2581,
Author = {Simone Alioli and Paolo Nason and Carlo Oleari and Emanuele Re},
Title = {A general framework for implementing NLO calculations in shower Monte Carlo programs: the POWHEG BOX},
Year = {2010},
Eprint = {arXiv:1002.2581},
Howpublished = {JHEP 1006:043,2010},
Doi = {10.1007/JHEP06(2010)043},
}

@article{1111.2854,
Author = {E. Bagnaschi and G. Degrassi and P. Slavich and A. Vicini},
Title = {Higgs production via gluon fusion in the POWHEG approach in the SM and in the MSSM},
Year = {2011},
Eprint = {arXiv:1111.2854},
Howpublished = {JHEP 1202:088,2012},
Doi = {10.1007/JHEP02(2012)088},
}


@article{1410.3012,
Author = {Torbjörn Sjöstrand and Stefan Ask and Jesper R. Christiansen and Richard Corke and Nishita Desai and Philip Ilten and Stephen Mrenna and Stefan Prestel and Christine O. Rasmussen and Peter Z. Skands},
Title = {An Introduction to PYTHIA 8.2},
Year = {2014},
Eprint = {arXiv:1410.3012},
Doi = {10.1016/j.cpc.2015.01.024},
}

@article{1512.00815,
Author = { CMS Collaboration},
Title = {Event generator tunes obtained from underlying event and multiparton scattering measurements},
Year = {2015},
Eprint = {arXiv:1512.00815},
Howpublished = {Eur. Phys. J. C 76 (2016) 155},
Doi = {10.1140/epjc/s10052-016-3988-x},
}


@article{Agostinelli2003, title={Geant4—a simulation toolkit}, volume={506}, DOI={10.1016/s0168-9002(03)01368-8}, number={3}, journal={Nuclear Instruments and Methods in Physics Research Section A: Accelerators, Spectrometers, Detectors and Associated Equipment}, publisher={Elsevier BV}, author={Agostinelli, S. and Allison, J. and Amako, K. and Apostolakis, J. and Araujo, H. and Arce, P. and Asai, M. and Axen, D. and Banerjee, S. and Barrand, G. and et al.}, year={2003}, month={Jul}, pages={250–303}}

%%%%% Chapter 5 %%%%%

@techreport{CMS-PAS-LUM-17-001,
      title         = "{CMS Luminosity Measurements for the 2016 Data Taking
                       Period}",
      institution   = "CERN",
      collaboration = "CMS Collaboration",
      address       = "Geneva",
      number        = "CMS-PAS-LUM-17-001",
      year          = "2017",
      reportNumber  = "CMS-PAS-LUM-17-001",
      url           = "https://cds.cern.ch/record/2257069",
}

@article{1407.0558,
Author = { CMS Collaboration},
Title = {Observation of the diphoton decay of the Higgs boson and measurement of its properties},
Year = {2014},
Eprint = {arXiv:1407.0558},
Howpublished = {Eur. Phys. J. C 74 (2014) 3076},
Doi = {10.1140/epjc/s10052-014-3076-z},
}

@article{1007.1727,
Author = {Glen Cowan and Kyle Cranmer and Eilam Gross and Ofer Vitells},
Title = {Asymptotic formulae for likelihood-based tests of new physics},
Year = {2010},
Eprint = {arXiv:1007.1727},
Howpublished = {Eur.Phys.J.C71:1554,2011},
Doi = {10.1140/epjc/s10052-011-1554-0},
}

@misc{CombinedTool,
      author        = "CMS Collaboration",
      title         = "Higgs Analysis Combination tools",
      howpublished  = "\url{https://github.com/cms-analysis/HiggsAnalysis-CombinedLimit}"
}